<?xml version="1.0" encoding="UTF-8"?><collection xmlns="http://www.loc.gov/MARC21/slim"><record><leader>00433nam--2200169-i-4500</leader><controlfield tag="001">000037618</controlfield><controlfield tag="002">20161230</controlfield><controlfield tag="005">20161230201041</controlfield><controlfield tag="008">060222s1000------------r-----000-0-eng-d</controlfield><datafield ind1=" " ind2=" " tag="040"><subfield code="a">IFIN-HH</subfield></datafield><datafield ind1=" " ind2=" " tag="080"><subfield code="a">537.222.22:538.9:548.5</subfield></datafield><datafield ind1="1" ind2=" " tag="100"><subfield code="a">Smith, R. A</subfield></datafield><datafield ind1="1" ind2="0" tag="245"><subfield code="a">Semiconductors</subfield><subfield code="c">R.a. smith</subfield></datafield><datafield ind1=" " ind2=" " tag="260"><subfield code="a">Cambridge</subfield><subfield code="b">At The University Press</subfield><subfield code="c">1959</subfield></datafield><datafield ind1=" " ind2=" " tag="300"><subfield code="a">494P</subfield></datafield><datafield ind1=" " ind2=" " tag="852"><subfield code="a">15788</subfield><subfield code="c">537.311.33</subfield></datafield><datafield ind1=" " ind2=" " tag="CAT"><subfield code="a">Sys</subfield><subfield code="c">20110718</subfield><subfield code="h">155742</subfield></datafield></record></collection>